@MISC{metagenome,
author = {Torsten Thomas and Jack Gilbert and Folker Meyer},
title = {Metagenomics - a guide from sampling to data analysis},
month= Feb,
year = {2012},
howpublished={\url{http://www.ncbi.nlm.nih.gov/pmc/articles/PMC3351745/}},
note={Accessed February 2016},
annote={A detailed explanation of metagenomics in the field of biology, its uses and suggested construction for scientific usage.}
}

@MISC{fasta,
author = {Various},
title = {FASTA Format - Wikipedia, the free encyclopedia},
month= Nov,
year = {2015},
howpublished={\url{https://en.wikipedia.org/wiki/FASTA_format/}},
note={Accessed February 2016},
annote={FASTA is a common format for representing assemblies in text-based form. I expect to make large use of FASTA files for my application to process a metagenome assembly and for my test files.}
}

@MISC{kmer,
author = {Various},
title = {k-mer - Wikipedia, the free encyclopedia},
month= Oct,
year = {2015},
howpublished={\url{https://en.wikipedia.org/wiki/K-mer/}},
note={Accessed February 2016},
annote={I intend to use the k-mers, and k-mer counting, to help product the report of quality.}
}

@MISC{gccount,
author = {Various},
title = {GC-content - Wikipedia, the free encyclopedia},
month= Oct,
year = {2015},
howpublished={\url{https://en.wikipedia.org/wiki/GC-content/}},
note={Accessed February 2016},
annote={I will use GC content counting as a starting point for looking at the quality of metagenome assemblies.}
}

@MISC{jellyfish,
author = {Guillaume Marçais and Carl Kingsford},
title = {JELLYFISH - Fast, Parallel k-mer Counting for DNA},
month= Jul,
year = {2011},
howpublished={\url{http://www.cbcb.umd.edu/software/jellyfish/}},
note={Accessed February 2016},
annote={Parallel k-mer counting tool.}
}

@MISC{bfc,
author = {Páll Melsted and Jonathan K Pritchard},
title = {Efficient counting of k-mers in DNA sequences using a bloom filter | BMC Bioinformatics},
month= Aug,
year = {2011},
howpublished={\url{http://pritchardlab.stanford.edu/bfcounter.html/}},
note={Accessed February 2016},
annote={BFC is a tool for k-mer counting that uses a bloom filter.}
}

@MISC{reapr,
author = {M Hunt and T Kikuchi and M Sanders and C Newbold and M Berriman and TD Otto},
title = {REAPR: a universal tool for genome assembly evaluation},
month= May,
year = {2013},
howpublished={\url{http://www.sanger.ac.uk/science/tools/reapr/}},
note={Accessed February 2016},
annote={REAPR is a tool that attempts to evaluate genome assemblies.}
}

@MISC{qcchain,
author = {Q Zhou and  X Su and G Jing and K Ning},
title = {Meta-QC-Chain: comprehensive and fast quality control method for metagenomic data - PubMed - NCBI},
month= Feb,
year = {2014},
howpublished={\url{http://www.ncbi.nlm.nih.gov/pubmed/24508279/}},
note={Accessed February 2016},
annote={Meta-QC-Chain is a quality control tool for metagenomic data..}
}

@MISC{blast,
author = {Various},
month = unknown,
year = {unknown},
title = {BLAST: Basic Local Alignment Search Tool},
howpublished={\url{http://blast.ncbi.nlm.nih.gov/Blast.cgi/}},
note={Accessed February 2016},
annote={I could use this to see if any assembly provided by the user, or portions of them, match known assemblies in the NCBI database.}
}